
@book{newoxford,
      author         = "Ritter, R. M.",
      title          = "{New Oxford Style Manual}",
      year           = "2012",
      edition        = "2",
      publisher      = "{Oxford University Press}",
      language       = "english",
      isbn           = "978-0-19-965722-3",
}
