@article{Aaij:2012nna,
      author         = "Aaij, R and others",
      title          = "{First Evidence for the Decay $B^0_s \to \mu^+\mu^-$}",
      collaboration  = "LHCb Collaboration",
      journal        = "Phys.Rev.Lett.",
      volume         = "110",
      pages          = "021801",
      doi            = "10.1103/PhysRevLett.110.021801",
      year           = "2013",
      eprint         = "1211.2674",
      archivePrefix  = "arXiv",
      primaryClass   = "hep-ex",
      reportNumber   = "CERN-PH-EP-2012-335, LHCB-PAPER-2012-043",
      SLACcitation   = "%%CITATION = ARXIV:1211.2674;%%",
}
